
@BOOK{latex,
  title = {LaTeX : A Documentation Preparation System User's Guide and Reference Manual},
  publisher = {Addison-Wesley Professional},
  year = {1994},
  author = {Leslie Lamport}
}

@article{Codd70,
  title = {A Relational Model of Data for Large Shared Data Banks},
  publisher = {},
  year = {1970},
  author = {Edgar F. Codd}
}

@BOOK{Henderson03,
  title = {A to Z of computer scientists},
  publisher = {Facts On File},
  year = {2003},
  author = {Harry Henderson}
}

@BOOK{Bioinf08,
  title = {Understanding Bioinformatics},
  publisher = {Garland Science},
  year = {2008},
  author = {Marketa J. Zvelebil, Jeremy O. Baum}
}

@BOOK{Hollerith,
  title = {The Electrical Tabulating Machine},
  publisher = {Journal of the Royal Statistical Society Vol. 57, No. 4},
  year = {1884},
  author = {Herman Hollerith}
}

@BOOK{Heise07,
  title = {Heinz Nixdorf Museumsforum zeigt Hollerithmaschine},
  author = {Detlef Borchers},
  url = {http://www.heise.de/newsticker/meldung/Heinz-Nixdorf-Museumsforum-zeigt-Hollerithmaschine-177399.html},
  publisher = {Heise Zeitschriften Verlag},
  year = {10.05.2007}
}

@BOOK{cql,
  title = {cql - A Flat File Database Query Language},
  publisher = {AT\&T Bell Laboratories},
  year = {1994},
  author = {Glenn Fowler}
}

@BOOK{geo,
  title = {Effective Database Design for Geoscience Professionals},
  publisher = {AT\&T Bell Laboratories},
  year = {1994},
  author = {David R. Hoffman}
}

@BOOK{IBM_Fortran,
  title = {IBM FORTRAN Program Products for OS and the CMS Component of VM/370 General Information},
  publisher = {IBM},
  year = {1972},
  author = {}
}

@BOOK{RFC,
  title = {Common Format and MIME Type for Comma-Separated Values (CSV) Files},
  publisher = {Network Working Group},
  year = {2005},
  author = {Y. Shafranovich}
}

@BOOK{Kemper,
  title = {Datenbanksysteme - Eine Einführung},
  publisher = {Oldenburg Verlag},
  year = {2011},
  author = {Alfons Kemper, André Eickler}
}

@BOOK{Prince,
  title = {Computer Science 226: Data Structures and Algorithms},
  publisher = {Princeton University},
  year = {2002},
  author = {Robert Sedgewick}
}

@MISC{TPC-H,
  title = {{TPC BENCHMARK H}},
  author = {{Transaction Processing Performance Council (TPC)}},
  howpublished = {\url{http://www.tpc.org/tpch/spec/tpch2.17.0.pdf}},
  publisher = {{Transaction Processing Performance Council (TPC)}},
  year = 2013
}

@MISC{HistoryTPC,
  title = {{History and Overview of the TPC}},
  author = {Kim Shanley},
  howpublished = {\url{http://www.tpc.org/information/about/history.asp}},
  publisher = {{TPC}},
  year = {02.1998}
}

@MISC{AboutTPC,
  title = {{About the TPC}},
  author = {{TPC}},
  howpublished = {\url{http://www.tpc.org/information/about/abouttpc.asp}},
  publisher = {{TPC}},
  year = {2014}
}

@BOOK{Gulbins,
  title = {UNIX},
  author = {Jürgen Gulbins},
  publisher = {Springer-Verlag},
  year = {1985}
}

@MISC{meinders,
  title = {{Der Parser-Generator Yacc}},
  author = {{Eike Meinders}},
  howpublished = {\url{http://www.eike-meinders.de/Yacc}},
  publisher = {},
  year = {2004}
}

@BOOK{lex_yacc,
  title = {lex \& yacc},
  author = {Helmut Herold},
  publisher = {Addison-Wesley},
  year = {2003}
}

@BOOK{awk,
  title = {awk \& sed},
  author = {Helmut Herold},
  publisher = {Addison-Wesley},
  year = {2003}
}

@BOOK{antlr,
  title = {The Definitive ANTLR Reference},
  author = {Terrence Parr},
  publisher = {The Pragmatic Bookshelf},
  year = {2007}
}
@BOOK{OpenSource,
  title = {Open-Source-Programmierwerkzeuge},
  author = {Andreas Zeller, Jens Krinke},
  publisher = {dpunkt.verlag},
  year = {2004}
}
@BOOK{TUPE,
  title = {Der Unix-Werkzeugkasten},
  author = {Brian W. Kernighan, Robert Pike},
  publisher = {Carl Hanser Verlag},
  year = {1987}
}
@MISC{Shell-BNF,
  title = {{Learning the bash Shell}},
  author = {Cameron Newham, Bill Rosenblatt},
  publisher = {O'Reilly Media, Inc.},
  year = {1998},
  howpublished = {\url{http://my.safaribooksonline.com/book/operating-systems-and-server-administration/unix/1565923472/syntax/lbs.appd.div.3}}
}
@BOOK{split,
  title = {Split string with delimiters in C},
  author = {Stackoverflow},
  publisher = {Stackoverflow},
  year = {2012},
  url = {http://stackoverflow.com/questions/9210528/split-string-with-delimiters-in-c}
}
@MISC{ANTLR-C,
  title = {{Using the ANTLR3 C Target}},
  author = {Jimi Idle},
  publisher = {Atlassian},
  year = {2008},
  howpublished = {\url{https://theantlrguy.atlassian.net/wiki/display/ANTLR3/Using+the+ANTLR3+C+Target}}
}

@MISC{ANTLR-C++,
  title = {{Using the ANTLR3 C++ Target}},
  author = {Terence Parr},
  publisher = {Atlassian},
  year = {2013},
  howpublished = {\url{https://theantlrguy.atlassian.net/wiki/pages/viewpage.action?pageId=2687097}}
}

@MISC{statista,
  title = {{Prognose zum Volumen der jährlich generierten digitalen Datenmenge weltweit in den Jahren 2005 bis 2020 (in Exabyte)}},
  author = {Statista},
  publisher = {Statista},
  year = {2014},
  howpublished = {\url{http://de.statista.com/statistik/daten/studie/267974/umfrage/prognose-zum-weltweit-generierten-datenvolumen/}}
}

@BOOK{DataScience,
  title = {Data Science at the Command Line},
  author = {Jeroen Janssens},
  publisher = {O'Reilly},
  year = {2014},
}

@BOOK{Mynodbcsv,
  title = {Mynodbcsv: Lightweight Zero-Config Database Solution for Handling Very Large CSV Files},
  author = {Stanislaw Adaszewski},
  publisher = {Plos One},
  year = {2014},
}

@BOOK{db2,
  title = {A Complete Guide to DB2 Universal Database},
  author = {Don Chamberlin},
  publisher = {Morgan Kaufmann Publishers, inc.},
  year = {1998},
}
